@online{alcoma,
    title = {Alcoma Výpočtová Tabulka},  
    author = {Alcoma a.s.},  
    year = {2010},
    url = {https://www.alcoma.cz/vypoctova-tabulka},   
    urldate      = {2023}
}

@online{vyskopis,
    title = {Výškopis},  
    author = {CBPMR},  
    year = {2014},
    url = {http://www.cbpmr.cz/vyskopis.html},   
    urldate      = {2023}
}

@online{itu,
    title = {ITU Recommendation P.530},  
    author = {ITU},  
    year = {1996},
    url = {https://www.itu.int/rec/R-REC-P.530/en},   
    urldate      = {2023}
}

@online{spektrum,
    title = {ČTÚ útlum atmosféry},  
    author = {ČTÚ},  
    year = {neznámý},
    url = {https://spektrum.ctu.cz/vypocty/utlum-atmosfery},   
    urldate      = {2023}
}

@online{ursi,
    title = {RESULTS OF LONG-TERM CONCURRENT MEASUREMENT
OF RAIN RATE AND RAIN ATTENUATION AT 38 GHz},  
    author = {URSI},  
    year = {2022},
    url = {https://www.ursi.org/proceedings/procGA02/papers/p1017.pdf},   
    urldate      = {2023}
}

@online{cra,
    title = {CRA Telehousing},  
    author = {CRA},  
    year = {2022},
    url = {https://www.cra.cz/cra-telehousing},   
    urldate      = {2023}
}

@online{al-wireless,
    title = {ALxxF},  
    author = {AL Wireless},  
    year = {2022},
    url = {http://www.al-wireless.com/alxxf},   
    urldate      = {2023}
}

@online{python,
    title = {Pycraf - GitHub page},  
    author = {B. Winkel},  
    year = {2023},
    url = {https://github.com/bwinkel/pycraf},   
    urldate      = {2023}
}
